<record><leader>00000cas a22000007a 4500</leader><controlfield tag="001">10376722</controlfield><controlfield tag="008">840204d18361838pauwr ne      0    0eng d</controlfield><datafield ind1=" " ind2=" " tag="010"><subfield code="a">sn 84026290 </subfield></datafield><datafield ind1=" " ind2=" " tag="040"><subfield code="a">NPU</subfield><subfield code="b">eng</subfield><subfield code="c">NPU</subfield><subfield code="d">NPY</subfield><subfield code="d">NPH</subfield><subfield code="d">IUL</subfield><subfield code="d">DLC</subfield><subfield code="d">NPX</subfield><subfield code="d">NVK</subfield><subfield code="d">OCL</subfield><subfield code="d">KRTAS</subfield><subfield code="d">DLC</subfield><subfield code="d">OCLCF</subfield><subfield code="d">OCLCO</subfield></datafield><datafield ind1="1" ind2=" " tag="029"><subfield code="a">AU@</subfield><subfield code="b">000020120467</subfield></datafield><datafield ind1=" " ind2=" " tag="042"><subfield code="a">msc</subfield></datafield><datafield ind1="0" ind2="0" tag="050"><subfield code="a">Newspaper 9555</subfield></datafield><datafield ind1="0" ind2="4" tag="245"><subfield code="a">The Philadelphia Saturday news, and literary gazette.</subfield></datafield><datafield ind1="0" ind2="3" tag="246"><subfield code="a">Philadelphia Saturday news</subfield></datafield><datafield ind1="0" ind2="3" tag="246"><subfield code="a">Saturday news</subfield></datafield><datafield ind1=" " ind2=" " tag="260"><subfield code="a">Philadelphia [Pa.] :</subfield><subfield code="b">L.A. Godey &amp; Co.,</subfield><subfield code="c">1836-1838.</subfield></datafield><datafield ind1=" " ind2=" " tag="300"><subfield code="a">3 v. ;</subfield><subfield code="c">69 cm.</subfield></datafield><datafield ind1=" " ind2=" " tag="310"><subfield code="a">Weekly</subfield></datafield><datafield ind1="0" ind2=" " tag="362"><subfield code="a">Vol. 1, no. 1 (July 2, 1836)-v. 3, no. 131 (Dec. 29, 1838).</subfield></datafield><datafield ind1=" " ind2="0" tag="651"><subfield code="a">Philadelphia (Pa.)</subfield><subfield code="v">Newspapers.</subfield></datafield><datafield ind1=" " ind2="7" tag="655"><subfield code="a">Newspapers.</subfield><subfield code="2">fast</subfield><subfield code="0">(OCoLC)fst01423814</subfield></datafield><datafield ind1=" " ind2="7" tag="651"><subfield code="a">Pennsylvania</subfield><subfield code="z">Philadelphia.</subfield><subfield code="2">fast</subfield><subfield code="0">(OCoLC)fst01204170</subfield></datafield><datafield ind1=" " ind2=" " tag="752"><subfield code="a">United States</subfield><subfield code="b">Pennsylvania</subfield><subfield code="c">Philadelphia</subfield><subfield code="d">Philadelphia.</subfield></datafield><datafield ind1="0" ind2="7" tag="785"><subfield code="t">Atkinson's Saturday evening post (Philadelphia, Pa. : 1833)</subfield><subfield code="x">2156-602X</subfield><subfield code="w">(DLC)sn 84026173</subfield><subfield code="w">(OCoLC)10313195</subfield></datafield><datafield ind1="0" ind2="7" tag="785"><subfield code="t">Atkinson's evening post and Philadelphia Saturday news</subfield><subfield code="w">(DLC)sn 84026167</subfield><subfield code="w">(OCoLC)10312674</subfield></datafield><datafield ind1=" " ind2=" " tag="938"><subfield code="a">Kirtas Technologies, Inc.</subfield><subfield code="b">KRTS</subfield><subfield code="n">738132</subfield></datafield></record>